@book{berndtsson2007thesis,
  title={Thesis projects: A Guide for Students in Computer Science and Information Systems},
  author={Berndtsson, Mikael and Hansson, J{\"o}rgen and Olsson, Bj{\"o}rn and Lundell, Bj{\"o}rn},
  edition={2\textsuperscript{nd}},
  year={2008},
  publisher={Springer}
}

@book{blomkvist2014metod,
  title={Metod f{\"o}r teknologer. Examensarbete enligt 4-fasmodellen},
  author={Blomkvist, P{\"a}r and Hallin, Anette},
  year={2014},
  publisher={Studentlitteratur}
}

@book{evans2014write,
  title={How to Write a Better Thesis},
  author={Evans, David and Gruba, Paul and Zobel, Justin},
  edition={3\textsuperscript{rd}},
  year={2014},
  publisher={Springer}
}

@book{host2006att,
  title={Att genomf{\"o}ra examensarbete},
  author={H{\"o}st, Martin and Regnell, Bj{\"o}rn and Runeson, Per},
  year={2006},
  publisher={Studentlitteratur AB}
}

@techreport{nilsson2018rapport,
  title={Rapportskrivning f{\"o}r ingenj{\"o}rer},
  author={Nilsson, Gunilla {\AA}kesson},
  year={2018},
  institution={Blekinge Institute of Technology},
  address={Karlskrona, Sweden},
}

@misc{oetiker2011not,
  title={The Not So Short Introduction to LATEX 2$\varepsilon$},
  author={Oetiker, Tobias and Partl, Hubert and Hyna, Irene and Schlegl, Elisabeth},
  year={2016},
  note={\url{https://tobi.oetiker.ch/lshort/lshort.pdf}, accessed 2019-09-02},
}

@book{rienecker2014ase,
  title={Att skriva en bra uppsats},
  author={Rienecker, Lotte and Stray J{\"o}rgensen, Peter and Hedelund, Lis},
  year={2014},
  publisher={Liber},
  address={Stockholm},
  edition={3\textsuperscript{rd}},
  ISBN={9789147111510},
  keywords={Uppsatsskrivning},
}

@misc{roberts2005getting,
  title={Getting to grips with LATEX},
  author={Roberts, Andrew},
  year={2005},
  note={\url{https://www.andy-roberts.net/writing/latex}, accessed 2019-04-16},
}

@book{trochim2015research,
  title={Research methods: The essential knowledge base},
  author={Trochim, William and Donnelly, James P and Arora, Kanika},
  edition={2\textsuperscript{nd}},
  year={2015},
  publisher={Wadsworth Publishing}
}

@book{zobel2014writing,
  title={Writing for Computer Science},
  author={Zobel, Justin},
  edition={3\textsuperscript{rd}},
  year={2014},
  publisher={Springer}
}